@article{dataset,
  author    = {David P. Hughes and
               Marcel Salath{\'{e}}},
  title     = {An open access repository of images on plant health to enable the
               development of mobile disease diagnostics through machine learning
               and crowdsourcing},
  journal   = {CoRR},
  volume    = {abs/1511.08060},
  year      = {2015},
  url       = {http://arxiv.org/abs/1511.08060},
  archivePrefix = {arXiv},
  eprint    = {1511.08060},
  timestamp = {Mon, 13 Aug 2018 16:48:21 +0200},
  biburl    = {https://dblp.org/rec/bib/journals/corr/HughesS15},
  bibsource = {dblp computer science bibliography, https://dblp.org}
}

@misc{crowdai,
  author       = {CrowdAI},
  title        = {PlantVillage Disease Classification Challenge},
  note = {\url{https://www.crowdai.org/challenges/plantvillage-disease-classification-challenge}, zuletzt gesehen am 12.02.2018},
}

@misc{plantvillage,
  author       = {PlantVillage},
  title        = {},
  note = {\url{https://plantvillage.psu.edu/}, zuletzt gesehen am 12.10.2019},
}

@misc{flowfrom,
  author       = {Keras},
  title        = {Image Preprocessing - Keras Documentation},
  note = {\url{https://keras.io/preprocessing/image/#imagedatagenerator-class}, zuletzt gesehen am 12.10.2019},
}

@misc{papernn,
  author       = {Buda, Mateusz AND Make, Atsuto AND Mazurowski, Maciej A.},
  title        = {A systematic study of the class imbalance problem in convolutional neural networks},
  note = {\url{https://arxiv.org/pdf/1710.05381.pdf}, zuletzt gesehen am 17.09.2019},
}

@BOOK{nutzpflanzen,
	AUTHOR = {Lieberei, Reinhard AND Reisdorff, Christoph},
	YEAR = {2012},
	TITLE = {Nutzpflanzen - },
	EDITION = {8. Aufl.},
	ISBN = {978-3-131-51638-1},
	PUBLISHER = {Georg Thieme Verlag},
	ADDRESS = {Stuttgart},
}

@misc{Bluete,
  author       = {Dörken, Dr. Veit Martin},
  title        = {Morphologie und Anatomie von Blüten und Blütenständen},
  note = {\url{https://cms.uni-konstanz.de/fileadmin/biologie/ag-doerken/pdf/Morphologie/3_Bluete.pdf}, zuletzt gesehen am 17.09.2019},
}

@BOOK{nutzInDE,
	AUTHOR = {Körber-Grohne, Udelgard},
	YEAR = {1987},
	TITLE = {Nutzpflanzen in Deutschland - Kulturgeschichte und Biologie},
	EDITION = {},
	ISBN = {978-3-806-20481-0},
	PUBLISHER = {Theiss, Konrad},
	ADDRESS = {Stuttgart},
}

@misc{eurostat,
  author       = {Eurostat},
  title        = {Crop production in EU standard humidity},
  note = {\url{http://appsso.eurostat.ec.europa.eu/nui/show.do?query=BOOKMARK_DS-905455_QID_-286081A4_UID_-3F171EB0&layout=TIME,C,X,0;GEO,L,Y,0;CROPS,L,Z,0;STRUCPRO,L,Z,1;INDICATORS,C,Z,2;&zSelection=DS-905455INDICATORS,OBS_FLAG;DS-905455CROPS,V3100;DS-905455STRUCPRO,PR_HU_EU;}, zuletzt gesehen am 11.08.2019},
}

@misc{bundesamt,
  author       = {Statistisches Bundesamt},
  title        = {Ernährungswirtschaft},
  note = {\url{https://www.bmel-statistik.de/fileadmin/user_upload/monatsberichte/SJT-4040500-0000.xlsx}, zuletzt gesehen am 11.08.2019},
}

@Article{solani,
author="Chaerani, Reni
and Voorrips, Roeland E.",
title="Tomato early blight (Alternaria solani): the pathogen, genetics, and breeding for resistance",
journal="Journal of General Plant Pathology",
year="2006",
issn="1610-739X",
}

@BOOK{borner,
	AUTHOR = {Börner, Horst AND Schlüter, Klaus AND Aumann, Jens AND Schlüter, Klaus AND Aumann, Jens},
	YEAR = {2009},
	TITLE = {Pflanzenkrankheiten und Pflanzenschutz - },
	EDITION = {8. Aufl.},
	ISBN = {978-3-540-49068-5},
	PUBLISHER = {Springer-Verlag},
	ADDRESS = {Berlin Heidelberg New York},
}

@misc{fritz,
  author       = {Fritz, Maendy},
  title        = {Resistance induction in the pathosystem tomato – Alternaria solani},
  note = {\url{http://geb.uni-giessen.de/geb/volltexte/2005/2439/pdf/FritzMaendy-2005-09-30.pdf}, zuletzt gesehen am 20.08.2019},
}

@misc{konidien,
  author       = {McKenzie, E},
  title        = {Alternaria solani},
  note = {\url{http://www.padil.gov.au/maf-border/pest/main/142990/50849}, zuletzt gesehen am 20.08.2019},
}

@misc{gemini,
  author       = {Sengbusch, Peter v.},
  title        = {Pflanzenviren mit zirkulärer Einstrang-DNS; Gemini-Viren},
  note = {\url{http://www1.biologie.uni-hamburg.de/b-online/d35/35c.htm}, zuletzt gesehen am 28.08.2019},
}

@misc{endemic,
  author       = {Hobohm, Carsten},
  title        = {Endemische Pflanzen und ihre Lebensräume in Mitteleuropa},
  note = {\url{https://www.blnn.de/pdfs2016/BLNN-Hobohm-kurz.pdf}, zuletzt gesehen am 28.08.2019},
}

@misc{leaf_curl,
  author       = {Simone, G.},
  title        = {Tomato Yellow Leaf Curl Virus Management for Homeowners},
  note = {\url{http://ipm.ifas.ufl.edu/Agricultural_IPM/tylcv_home_mgmt.shtml}, zuletzt gesehen am 28.08.2019},
}

@article{TYLCV,
	title = {Tomato yellow leaf curl virus, an emerging virus complex causing epidemics worldwide},
	author = {E. Moriones AND J. Navas-Castillo},
	volume = {71},
	number = {1},
	pages = {123 - 134},
	journal = {Virus Research},
	year = {2000},
	url = {http://www.sciencedirect.com/science/article/pii/S0168170200001933},
}

@article{Cladosporium,
	title = {The Cladosporium fulvum virulence protein Avr2 inhibits host proteases required for basal defense},
	author = {van Esse, H. Peter AND Van't Klooster, John W. AND Bolton, Melvin D. AND Yadeta, Koste A. AND van Baarlen, Peter AND Boeren, Sjef AND Vervoort, Jacques AND de Wit, Pierre J. G. M. AND Thomma, Bart P. H. J.},
	volume = {20},
	pages = {1948-63},
	year = {2008},
	url = {https://www.ncbi.nlm.nih.gov/pmc/articles/PMC2518240/},
}

@misc{leaf_mold,
  author       = {Johnson, Anna AND Grabowski, Michelle AND Orshinsky, Angela},
  title        = {Leaf mold of tomato},
  note = {\url{https://extension.umn.edu/diseases/leaf-mold-tomato}, zuletzt gesehen am 28.08.2019},
}

@article{Passalora,
	title = {Cladosporium fulvum (syn. Passalora fulva), a highly specialized plant pathogen as a model for functional studies on plant pathogenic Mycosphaerellaceae},
	author = {Thomma, Bart P. H. J. AND van Esse, H. Peter AND Crous, Pedro W. AND de Wit, Pierre J. G. M.},
	volume = {6(4)},
	pages = {379-393},
	year = {2005},
	url = {https://www.ncbi.nlm.nih.gov/pmc/articles/PMC2518240/},
}

@misc{Greenhouse,
  author       = {The Center for Agriculture\text{,} Food \text{and} the Environment},
  title        = {Greenhouse Tomatoe - Leaf Mold (Fulvia fulva)},
  note = {\url{https://ag.umass.edu/greenhouse-floriculture/photos/greenhouse-tomatoe-leaf-mold-fulvia-fulva}, zuletzt gesehen am 28.08.2019},
}

@BOOK{MLkurz,
	AUTHOR = {Nguyen, Chi Nhan AND Zeigermann, Oliver},
	YEAR = {2018},
	TITLE = {Machine Learning – kurz \& gut - Eine Einführung mit Python, Pandas und Scikit-Learn},
	EDITION = {1},
	PUBLISHER = {dpunkt.Verlag Gmbh},
	ADDRESS = {Heidelberg},
}

@BOOK{francois,
	AUTHOR = {Chollet, Francois},
	YEAR = {2018},
	TITLE = {Deep Learning with Python},
	PUBLISHER = {Manning Publications Co.},
	ADDRESS = {Shelter Island},
}

@BOOK{IntroML,
	AUTHOR = {Rebala, Gopinath AND Ravi, Ajay AND Churiwala, Sanjay},
	YEAR = {2019},
	TITLE = {An Introduction to Machine Learning},
	PUBLISHER = {Springer Nature Switzerland AG},
	ADDRESS = {Cham},
}

@BOOK{Gonzalez2018,
	AUTHOR = {Gonzalez, Rafael C. AND Woods, Richard E.},
	YEAR = {2018},
	TITLE = {Digital Image Processing, Global Edition},
	EDITION = {4. Aufl.},
	ISBN = {978-1-292-22307-0},
	PUBLISHER = {Pearson},
	ADDRESS = {New York},
}

@misc{rapid_detect,
  author       = {Trout, C. L. AND Ristaino, J. B. AND Madritch, M. AND Wangsomboondee, T.},
  title        = {Rapid Detection of Phytophthora infestans in Late Blight-Infected Potato and Tomato Using PCR},
  publisher= {North Carolina State University},
  note = {\url{https://apsjournals.apsnet.org/doi/abs/10.1094/PDIS.1997.81.9.1042/}, zuletzt gesehen am 09.09.2019},
}

@misc{lbopat,
  author       = {Schumann, G. L. AND C. J. DArcy}, 
  title        = {Late Blight of potato and tomato},
  note = {\url{https://www.apsnet.org/edcenter/disandpatch/oomycete/pdlessons/Pages/LateBlight.aspx}, zuletzt gesehen am 09.09.2019}
}

@misc{lateblightoverview,
  author       = {Nowicki, Marcin AND Foolad, Majid R. AND Nowakowska, Marzena AND Kozik, Elznieta U.},
  title        = {​​Potato and Tomato Late Blight Caused by Phytophthora infestans: An Overview of Pathology and Resistance Breeding},
  publisher = {APS Publications},
  note = {\url{https://apsjournals.apsnet.org/doi/abs/10.1094/PDIS-05-11-0458}, zuletzt gesehen am 10.09.2019},
}

@misc{CropWatch,
  author = {CropWatch},
  title = {Potato Late Blight},
  publisher = {IANR Media},
  note = {\url{https://cropwatch.unl.edu/potato/late_blights_description}, zuletzt gesehen am 09.09.2019},
}

@BOOK{Vasilev2019,
	AUTHOR = {Vasilev, Ivan AND Slater, Daniel AND Spacagna, Gianmario AND Roelants, Peter AND Zocca, Valentino},
	YEAR = {2019},
	TITLE = {Python Deep Learning - Exploring deep learning techniques and neural network architectures with PyTorch, Keras, and TensorFlow},
	EDITION = {2. Aufl.},
	ISBN = {978-1-789-34970-2},
	PUBLISHER = {Packt Publishing Ltd},
	ADDRESS = {Birmingham},
}

@BOOK{Bell2014,
	AUTHOR = {Bell, Jason},
	YEAR = {2015},
	TITLE = {Machine Learning - Hands-On for Developers and Technical Professionals},
	ISBN = {978-1-118-88949-7},
	PUBLISHER = {John Wiley \& Sons},
	ADDRESS = {New York},
}

@BOOK{Nelli2018,
	AUTHOR = {Nelli, Fabio},
	YEAR = {2019},
	TITLE = {Python Data Analytics - With Pandas, NumPy, and Matplotlib},
	PUBLISHER = {Apress},
	ADDRESS = {New York},
}

@BOOK{Subramanian2018,
	AUTHOR = {Subramanian, Vishnu},
	YEAR = {2018},
	TITLE = {Deep Learning with PyTorch - A practical approach to building neural network models using PyTorch},
	PUBLISHER = {Packt Publishing Ltd},
	ADDRESS = {Birmingham},
}

@BOOK{Moolayil2018,
	AUTHOR = {Moolayil, Jojo},
	YEAR = {2019},
	TITLE = {Learn Keras for Deep Neural Networks - A Fast-Track Approach to Modern Deep Learning with Python},
	PUBLISHER = {Apress},
	ADDRESS = {New York},
}

@BOOK{natural,
	AUTHOR = {Rao, Delip AND McMahan, Brian},
	YEAR = {2019},
	TITLE = {Natural Language Processing with PyTorch - Build Intelligent Language Applications Using Deep Learning},
	PUBLISHER = {"O'Reilly Media, Inc."},
	ADDRESS = {Sebastopol},
}

@misc{VGG16,
  author       = {Simonyan, Karen AND Zisserman, Andrew},
  title        = {Very Deep Convolutional Networks for Large-Scale Image Recognition},
  note = {\url{https://arxiv.org/pdf/1409.1556.pdf}, zuletzt gesehen am 30.10.2019},
}

@misc{keras_doc,
  author       = {Keras},
  title        = {Keras Documentation},
  note = {\url{keras.io}, zuletzt gesehen am 05.11.2019},
}

@misc{pytorch_doc,
  author       = {PyTorch},
  title        = {PyTorch Documentation},
  note = {\url{https://pytorch.org/docs/stable/index.html}, zuletzt gesehen am 07.11.2019},
}

@BOOK{Subramanian2018,
	AUTHOR = {Subramanian, Vishnu},
	YEAR = {2018},
	TITLE = {Deep Learning with PyTorch - A practical approach to building neural network models using PyTorch},
	EDITION = {1. Aufl.},
	PUBLISHER = {Packt Publishing Ltd},
	ADDRESS = {Birmingham},
}

@misc{FreshPlaza,
  author       = {FreshPlaza B.V.},
  title        = {Übersicht Weltmarkt Tomaten},
  note = {\url{https://www.freshplaza.de/article/14835/uebersicht-weltmarkt-tomaten/}, zuletzt gesehen am 15.11.2019},
}
